<record><leader>00000cas a2200000 a 4500</leader><controlfield tag="001">35782249</controlfield><controlfield tag="007">hd afb---baca</controlfield><controlfield tag="007">hd bfb---baaa</controlfield><controlfield tag="007">hd afb---baba</controlfield><controlfield tag="008">961023c19uu9999caudr n a     0    0eng d</controlfield><datafield ind1=" " ind2=" " tag="010"><subfield code="a">sn 96017276 </subfield></datafield><datafield ind1=" " ind2=" " tag="040"><subfield code="a">CLU</subfield><subfield code="b">eng</subfield><subfield code="c">CLU</subfield><subfield code="d">OCLCQ</subfield></datafield><datafield ind1=" " ind2=" " tag="012"><subfield code="i">9610</subfield></datafield><datafield ind1=" " ind2=" " tag="042"><subfield code="a">msc</subfield></datafield><datafield ind1=" " ind2=" " tag="043"><subfield code="a">s-ag---</subfield></datafield><datafield ind1="1" ind2="4" tag="050"><subfield code="a">AP63</subfield><subfield code="b">.T47</subfield></datafield><datafield ind1="0" ind2="0" tag="245"><subfield code="a">Territorio.</subfield></datafield><datafield ind1=" " ind2=" " tag="260"><subfield code="a">Posadas [Argentina] :</subfield><subfield code="b">[publisher not identified]</subfield></datafield><datafield ind1=" " ind2=" " tag="300"><subfield code="a">volumes :</subfield><subfield code="b">illustrations (chiefly advertisements) ;</subfield><subfield code="c">55 cm</subfield></datafield><datafield ind1=" " ind2=" " tag="310"><subfield code="a">Daily</subfield></datafield><datafield ind1=" " ind2=" " tag="336"><subfield code="a">text</subfield><subfield code="b">txt</subfield><subfield code="2">rdacontent</subfield></datafield><datafield ind1=" " ind2=" " tag="337"><subfield code="a">microform</subfield><subfield code="b">h</subfield><subfield code="2">rdamedia</subfield></datafield><datafield ind1=" " ind2=" " tag="338"><subfield code="a">microfilm reel</subfield><subfield code="b">hd</subfield><subfield code="2">rdacarrier</subfield></datafield><datafield ind1="1" ind2=" " tag="362"><subfield code="a">Began with June 2, 1925 issue.</subfield></datafield><datafield ind1=" " ind2=" " tag="500"><subfield code="a">Microfilm master negative held by UCLA (CLU).</subfield></datafield><datafield ind1=" " ind2=" " tag="588"><subfield code="a">Description based on: An&#771;o 17, no. 4865 (22 de mayo de 1943); title from caption.</subfield></datafield><datafield ind1=" " ind2=" " tag="588"><subfield code="a">Latest issue consulted: An&#771;o 31, no. 10798 (12 de mayo de 1956).</subfield></datafield><datafield ind1=" " ind2=" " tag="533"><subfield code="a">Microfilm.</subfield><subfield code="m">May 1943-July 1946</subfield><subfield code="b">Los Angeles, CA :</subfield><subfield code="c">University of California, Reprographic Service,</subfield><subfield code="d">1993.</subfield><subfield code="e">microfilm reels ; 35 mm.</subfield></datafield><datafield ind1=" " ind2=" " tag="539"><subfield code="a">u</subfield><subfield code="b">1943</subfield><subfield code="c">1946</subfield><subfield code="d">cau</subfield><subfield code="e">u</subfield><subfield code="f">u</subfield><subfield code="g">a</subfield></datafield><datafield ind1=" " ind2=" " tag="752"><subfield code="a">Argentina</subfield><subfield code="d">Posadas.</subfield></datafield><datafield ind1="1" ind2=" " tag="776"><subfield code="c">Original</subfield><subfield code="w">(DLC)sn 89049650</subfield><subfield code="w">(OCoLC)20071393</subfield></datafield><datafield ind1=" " ind2=" " tag="850"><subfield code="a">CLU</subfield><subfield code="a">CLU (Master)</subfield></datafield><datafield ind1="1" ind2=" " tag="029"><subfield code="a">AU@</subfield><subfield code="b">000025889540</subfield></datafield></record>